
@article{aharoni_morphological_2017,
	title = {Morphological {Inflection} {Generation} with {Hard} {Monotonic} {Attention}},
	volume = {1},
	url = {https://aclanthology.coli.uni-saarland.de/papers/P17-1183/p17-1183},
	doi = {10.18653/v1/P17-1183},
	language = {en},
	urldate = {2018-01-16},
	journal = {Proceedings of the 55th Annual Meeting of the Association for Computational Linguistics (Volume 1: Long Papers)},
	author = {Aharoni, Roee and Goldberg, Yoav},
	year = {2017},
	pages = {2004--2015}
}
@phdthesis{anastasopoulos_computational_2019,
	title = {Computational {Tools} for {Endangered} {Language} {Documentation}},
	url = {https://curate.nd.edu/show/9019s18114q},
	urldate = {2019-10-09},
	school = {University Of Notre Dame},
	author = {Anastasopoulos, Antonios},
	month = jan,
	year = {2019}
}

@inproceedings{baldridge_learning_2013,
	title = {Learning a {Part}-of-{Speech} {Tagger} from {Two} {Hours} of {Annotation}},
	url = {http://www.cs.utexas.edu/~ai-lab/pub-view.php?PubID=127274},
	booktitle = {Proceedings of the {North} {American} {Chapter} of the {Association} for {Computational} {Linguistics}: {Human} {Language} {Technologies} ({NAACL}-{HLT}-13)},
	author = {Baldridge, Jason and Garrette, Dan},
	year = {2013}
}

@inproceedings{bird_machine_2012,
	address = {Mumbai},
	title = {Machine {Translation} for {Language} {Preservation}},
	booktitle = {Proceedings of {COLING} 2012},
	author = {Bird, Steven and Chiang, David},
	year = {2012},
	pages = {125--134}
}

@book{chelliah_grammar_1997,
	address = {Berlin, Boston},
	series = {Mouton {Grammar} {Library}},
	title = {A {Grammar} of {Meithei}},
	volume = {17},
	isbn = {978-3-11-080111-8},
	url = {https://www.degruyter.com/view/title/4887},
	abstract = {A Grammar of Meithei},
	language = {en},
	urldate = {2021-01-27},
	publisher = {De Gruyter Mouton},
	author = {Chelliah, Shobhana Lakshmi},
	year = {1997},
	note = {Publication Title: A Grammar of Meithei},
	file = {Snapshot:C\:\\Users\\thesa\\Zotero\\storage\\4F997Q2I\\4887.html:text/html}
}

@inproceedings{cotterell_conll-sigmorphon_2017,
	address = {Vancouver},
	title = {{CoNLL}-{SIGMORPHON} 2017 {Shared} {Task}: {Universal} {Morphological} {Reinflection} in 52 {Languages}},
	shorttitle = {{CoNLL}-{SIGMORPHON} 2017 {Shared} {Task}},
	url = {http://www.aclweb.org/anthology/K17-2001},
	booktitle = {Proceedings of the {CoNLL} {SIGMORPHON} 2017 {Shared} {Task}: {Universal} {Morphological} {Reinflection}},
	publisher = {Association for Computational Linguistics},
	author = {Cotterell, Ryan and Kirov, Christo and Sylak-Glassman, John and Walther, Géraldine and Vylomova, Ekaterina and Xia, Patrick and Faruqui, Manaal and Kübler, Sandra and Yarowsky, David and Eisner, Jason and Hulden, Mans},
	month = aug,
	year = {2017}
}

@inproceedings{cotterell_conllsigmorphon_2018,
	address = {Brussels},
	title = {The {CoNLL}–{SIGMORPHON} 2018 {Shared} {Task}: {Universal} {Morphological} {Reinflection}},
	shorttitle = {The {CoNLL}–{SIGMORPHON} 2018 {Shared} {Task}},
	url = {http://www.aclweb.org/anthology/K18-3001},
	urldate = {2018-11-02},
	booktitle = {Proceedings of the {CoNLL} {SIGMORPHON} 2018 {Shared} {Task}: {Universal} {Morphological} {Reinflection}},
	publisher = {Association for Computational Linguistics},
	author = {Cotterell, Ryan and Kirov, Christo and Sylak-Glassman, John and Walther, Géraldine and Vylomova, Ekaterina and McCarthy, Arya D. and Kann, Katharina and Mielke, Sebastian and Nicolai, Garrett and Silfverberg, Miikka and Yarowsky, David and Eisner, Jason and Hulden, Mans},
	month = oct,
	year = {2018},
	pages = {1--27}
}

@incollection{cox_probabilistic_2010,
	address = {Amsterdam:},
	title = {Probabilistic tagging of minority language data: a case study using {Qtag}.},
	url = {https://sites.ualberta.ca/~cdcox/PDF/Cox2010ProbabilisticTaggingMinorityLanguageData.pdf},
	urldate = {2014-01-31},
	booktitle = {Corpus  linguistic applications: current studies, new directions.},
	publisher = {Rodopi},
	author = {Cox, Christopher},
	editor = {Gries, S.Th. and Wulff, S. and Davies, M.},
	year = {2010},
	pages = {213--231}
}

@incollection{croft_parts_2000,
	series = {Empirical {Approaches} to {Language} {Typology} [{EALT}]},
	title = {Parts of speech as language universals and as language-particular categories},
	volume = {23},
	isbn = {978-3-11-080612-0},
	url = {https://www.degruyter.com/view/title/5332},
	booktitle = {Approaches to the {Typology} of {Word} {Classes}},
	publisher = {De Gruyter Mouton},
	author = {Croft, William},
	editor = {Vogel, Petra M. and Comrie, Bernard},
	year = {2000},
	pages = {65--102}
}

@inproceedings{creutz_unsupervised_2002,
	address = {Philadelphia, PA},
	title = {Unsupervised discovery of morphemes},
	booktitle = {Proceedings of the {ACL}-02 workshop on {Morphological} and phonological learning-{Volume} 6},
	publisher = {Association for Computational Linguistics},
	author = {Creutz, Mathias and Lagus, Krista},
	year = {2002},
	pages = {21--30}
}

@inproceedings{de_pauw_resource-light_2012,
	address = {Istanbul, Turkey},
	title = {Resource-{Light} {Bantu} {Part}-of-{Speech} {Tagging}},
	url = {http://www.clips.ua.ac.be/sites/default/files/depauwetal.pdf},
	booktitle = {Proceedings of the workshop on {Language} technology for normalisation of less-resourced languages ({SALTMIL8}/{AfLaT2012})},
	publisher = {European Language Resources Association (ELRA)},
	author = {De Pauw, Guy},
	year = {2012}
}

@mastersthesis{donet_importance_2014,
	address = {Dallas, TX},
	title = {The {Importance} of {Verb} {Salience} in the {Followability} of {Lezgi} {Oral} {Narratives}},
	url = {http://www.gial.edu/documents/Theses/Donet_Charles-Thesis.pdf},
	urldate = {2016-09-29},
	school = {Graduate Institute of Applied Linguistics},
	author = {Donet, Charles},
	year = {2014}
}

@inproceedings{durrett_supervised_2013,
	address = {Atlanta, Georgia},
	title = {Supervised {Learning} of {Complete} {Morphological} {Paradigms}},
	url = {https://research.google.com/pubs/pub41850.html},
	urldate = {2018-01-02},
	booktitle = {Proceedings of {NAACL}-{HLT}},
	publisher = {Association for Computational Linguistics},
	author = {Durrett, Greg and DeNero, John},
	month = jun,
	year = {2013}
}

@phdthesis{duong_natural_2017,
	address = {Melbourne, Australia},
	title = {Natural language processing for resource-poor languages},
	url = {http://minerva-access.unimelb.edu.au/handle/11343/192938},
	language = {en},
	urldate = {2018-06-29},
	school = {University of Melbourne},
	author = {Duong, Long},
	year = {2017}
}

@book{eberhard_ethnologue:2020,
	address = {Dallas, Texas},
	edition = {Twenty-third},
	title = {Ethnologue: {Languages} of the {World}},
	url = {http://www.ethnologue.com},
	publisher = {SIL International},
	editor = {Eberhard, David M. and Simons, Gary F. and Fennig, Charles D.},
	year = {2020}
}

@inproceedings{eskander_unsupervised_2020,
	title = {Unsupervised {Cross}-{Lingual} {Part}-of-{Speech} {Tagging} for {Truly} {Low}-{Resource} {Scenarios}},
	booktitle = {Proceedings of the 2020 {Conference} on {Empirical} {Methods} in {Natural} {Language} {Processing}},
	publisher = {Association for Computational Linguistic},
	author = {Eskander, Ramy and Muresan, Smaranda and Collins, Michael},
	month = nov,
	year = {2020},
	pages = {4820--4831}
}

@incollection{gil_word_2005,
	series = {Linguistik {Aktuell}/{Linguistics} {Today}},
	title = {Word order without syntactic categories: {How} {Riau} {Indonesian} does it},
	volume = {73},
	isbn = {978-90-272-2797-3},
	language = {en},
	booktitle = {Verb {First}: {On} the {Syntax} of {Verb}-initial {Languages}},
	publisher = {John Benjamins Publishing},
	author = {Gil, David},
	editor = {Carnie, Andrew and Dooley, Sheila Ann and Harley, Heidi},
	year = {2005},
	note = {Google-Books-ID: StIEpRsmDbIC},
	keywords = {POS tagging},
	pages = {243--264}
}

@article{goldsmith_unsupervised_2001,
	title = {Unsupervised learning of the morphology of a natural language},
	volume = {27},
	number = {2},
	journal = {Computational linguistics},
	author = {Goldsmith, John},
	year = {2001},
	pages = {153--198}
}

@incollection{harris_phoneme_1970,
	address = {Dordrecht},
	title = {From {Phoneme} to {Morpheme}},
	isbn = {978-94-017-6059-1},
	url = {https://doi.org/10.1007/978-94-017-6059-1_2},
	booktitle = {Papers in {Structural} and {Transformational} {Linguistics}},
	publisher = {Springer Netherlands},
	author = {Harris, Zellig S.},
	year = {1970},
	pages = {32--67}
}

@inproceedings{holton_developing_2017,
	title = {Developing collection management tools to create more robust and reliable linguistic data},
	url = {http://altlab.artsrn.ualberta.ca/wp-content/uploads/2017/03/CEL2_18.pdf},
	urldate = {2017-06-06},
	booktitle = {2nd {Workshop} on {Computational} {Methods} for {Endangered} {Languages}},
	author = {Holton, Gary and Hooshiar, Kavon and Thieberger, Nicholas},
	year = {2017},
	keywords = {technology, metadata, language documentation},
	file = {CEL2_18.pdf:C\:\\Users\\thesa\\Zotero\\storage\\5TU8PV5P\\CEL2_18.pdf:application/pdf}
}

@inproceedings{kann_single-model_2016,
	address = {Berlin, Germany},
	title = {Single-{Model} {Encoder}-{Decoder} with {Explicit} {Morphological} {Representation} for {Reinflection}},
	url = {http://anthology.aclweb.org/P16-2090},
	urldate = {2018-11-05},
	booktitle = {Proceedings of the 54th {Annual} {Meeting} of the {Association} for {Computational} {Linguistics} ({Volume} 2: {Short} {Papers})},
	publisher = {Association for Computational Linguistics},
	author = {Kann, Katharina and Schütze, Hinrich},
	month = aug,
	year = {2016},
	pages = {555--560}
}

@inproceedings{kann_one-shot_2017,
	address = {Vancouver, Canada},
	title = {One-{Shot} {Neural} {Cross}-{Lingual} {Transfer} for {Paradigm} {Completion}},
	url = {https://www.aclweb.org/anthology/P17-1182},
	booktitle = {Proceedings of the 55th {Annual} {Meeting} of the {Association} for {Computational} {Linguistics} ({Volume} 1: {Long} {Papers})},
	publisher = {Association for Computational Linguistics},
	author = {Kann, Katharina and Cotterell, Ryan and Schütze, Hinrich},
	month = jul,
	year = {2017},
	pages = {1993--2003}
}

@inproceedings{kann_learning_2020,
	title = {Learning to {Learn} {Morphological} {Inflection} for {Resource}-{Poor} {Languages}},
	volume = {34},
	copyright = {Copyright (c) 2020 Association for the Advancement of Artificial Intelligence},
	issn = {2374-3468},
	url = {https://ojs.aaai.org/index.php/AAAI/article/view/6316},
	doi = {10.1609/aaai.v34i05.6316},
	language = {en},
	number = {05},
	urldate = {2021-01-27},
	journal = {Proceedings of the AAAI Conference on Artificial Intelligence},
	author = {Kann, Katharina and Bowman, Samuel R. and Cho, Kyunghyun},
	month = apr,
	year = {2020},
	note = {Number: 05},
	pages = {8058--8065},
	file = {Kann_et_al_2020_Learning_to_Learn_Morphological_Inflection_for_Resource-Poor_Languages.pdf:C\:\\Users\\thesa\\Zotero\\storage\\6J2E3BD3\\Kann_et_al_2020_Learning_to_Learn_Morphological_Inflection_for_Resource-Poor_Languages.pdf:application/pdf;Snapshot:C\:\\Users\\thesa\\Zotero\\storage\\3TV3I9J5\\6316.html:text/html}
}

@inproceedings{krauwer_basic_2003,
	title = {The basic language resource kit ({BLARK}) as the first milestone for the language resources roadmap},
	url = {http://www.elsnet.org/dox/krauwer-specom2003.pdf},
	urldate = {2020-11-19},
	booktitle = {Proceedings of {SPECOM} 2003},
	author = {Krauwer, Steven},
	year = {2003},
	pages = {8--15}
}

@article{kupiec_robust_1992,
	title = {Robust part-of-speech tagging using a hidden {Markov} model},
	volume = {6},
	issn = {0885-2308},
	url = {http://www.sciencedirect.com/science/article/pii/088523089290019Z},
	number = {3},
	urldate = {2021-01-27},
	journal = {Computer Speech \& Language},
	author = {Kupiec, Julian},
	month = jul,
	year = {1992},
	pages = {225--242}
}

@MISC{leipzig_2008,
    author = {Max Planck Institute},
    title = {The {Leipzig} {Glossing} {Rules}: {Conventions} for interlinear morpheme-by-morpheme glosses},
    url = {https://www.eva.mpg.de/lingua/resources/glossing-rules.php},
    year = {2008}
}

@inproceedings{makarov_uzh_2018,
	address = {Brussels},
	title = {{UZH} at {CoNLL}–{SIGMORPHON} 2018 {Shared} {Task} on {Universal} {Morphological} {Reinflection}},
	url = {https://www.aclweb.org/anthology/K18-3008},
	urldate = {2019-05-16},
	booktitle = {Proceedings of the {CoNLL}–{SIGMORPHON} 2018 {Shared} {Task}: {Universal} {Morphological} {Reinflection}},
	publisher = {Association for Computational Linguistics},
	author = {Makarov, Peter and Clematide, Simon},
	month = oct,
	year = {2018},
	pages = {69--75},
	file = {Makarov_Clematide_2018_UZH at CoNLL–SIGMORPHON 2018 Shared Task on Universal Morphological Reinflection.pdf:C\:\\Users\\thesa\\Zotero\\storage\\V8N6UHF4\\Makarov_Clematide_2018_UZH at CoNLL–SIGMORPHON 2018 Shared Task on Universal Morphological Reinflection.pdf:application/pdf}
}

@inproceedings{mcmillan-major_automating_2020,
	title = {Automating {Gloss} {Generation} in {Interlinear} {Glossed} {Text}},
	volume = {3},
	url = {https://scholarworks.umass.edu/scil/vol3/iss1/33},
	doi = {https://doi.org/10.7275/tsmk-sa32},
	booktitle = {Proceedings of the {Society} for {Computation} in {Linguistics}},
	author = {McMillan-Major, Angelina},
	month = jan,
	year = {2020}
}

@inproceedings{millour_unsupervised_2019,
	address = {Varna, Bulgaria},
	title = {Unsupervised {Data} {Augmentation} for {Less}-{Resourced} {Languages} with no {Standardized} {Spelling}},
	url = {https://www.aclweb.org/anthology/R19-1090},
	booktitle = {Proceedings of the {International} {Conference} on {Recent} {Advances} in {Natural} {Language} {Processing} ({RANLP} 2019)},
	publisher = {INCOMA Ltd.},
	author = {Millour, Alice and Fort, Karën},
	month = sep,
	year = {2019},
	pages = {776--784}
}

@book{moseley_atlas_2010,
	address = {Paris},
	edition = {third},
	title = {Atlas of the {World}’s {Languages} in {Danger}},
	url = {http://www.unesco.org/culture/en/endangeredlanguages/atlas},
	publisher = {UNESCO Publishing},
	editor = {Moseley, Christopher},
	year = {2010},
	keywords = {language endangerment, LRLs}
}

@article{naess_reefssanta_2008,
	title = {Reefs–{Santa} {Cruz} as {Oceanic}: {Evidence} from the {Verb} {Complex}},
	volume = {47},
	issn = {1527-9421},
	shorttitle = {Reefs–{Santa} {Cruz} as {Oceanic}},
	url = {https://muse.jhu.edu/article/241054},
	doi = {10.1353/ol.0.0000},
	number = {1},
	urldate = {2021-01-27},
	journal = {Oceanic Linguistics},
	author = {Næss, Åshild and Boerger, Brenda H.},
	year = {2008},
	note = {Publisher: University of Hawai'i Press},
	pages = {185--212}
}

@inproceedings{nicolai_inflection_2015,
	address = {Denver, Colorado},
	title = {Inflection {Generation} as {Discriminative} {String} {Transduction}},
	url = {https://www.aclweb.org/anthology/N15-1093},
	doi = {10.3115/v1/N15-1093},
	urldate = {2021-01-27},
	booktitle = {Proceedings of the 2015 {Conference} of the {North} {American} {Chapter} of the {Association} for {Computational} {Linguistics}: {Human} {Language} {Technologies}},
	publisher = {Association for Computational Linguistics},
	author = {Nicolai, Garrett and Cherry, Colin and Kondrak, Grzegorz},
	month = may,
	year = {2015},
	pages = {922--931}
}

@inproceedings{ott_fairseq_2019,
	address = {Minneapolis, Minnesota},
	title = {fairseq: {A} {Fast}, {Extensible} {Toolkit} for {Sequence} {Modeling}},
	shorttitle = {fairseq},
	url = {https://www.aclweb.org/anthology/N19-4009},
	doi = {10.18653/v1/N19-4009},
	urldate = {2021-01-27},
	booktitle = {Proceedings of the 2019 {Conference} of the {North} {American} {Chapter} of the {Association} for {Computational} {Linguistics} ({Demonstrations})},
	publisher = {Association for Computational Linguistics},
	author = {Ott, Myle and Edunov, Sergey and Baevski, Alexei and Fan, Angela and Gross, Sam and Ng, Nathan and Grangier, David and Auli, Michael},
	month = jun,
	year = {2019},
	pages = {48--53},
	file = {Ott_et_al_2019_fairseq.pdf:C\:\\Users\\thesa\\Zotero\\storage\\RUXZ23K7\\Ott_et_al_2019_fairseq.pdf:application/pdf}
}

@inproceedings{petrov_universal_2012,
	address = {Istanbul, Turkey},
	title = {A {Universal} {Part}-of-{Speech} {Tagset}},
	url = {http://www.lrec-conf.org/proceedings/lrec2012/pdf/274_Paper.pdf},
	booktitle = {Proceedings of the {Eighth} {International} {Conference} on {Language} {Resources} and {Evaluation} ({LREC}'12)},
	publisher = {European Language Resources Association (ELRA)},
	author = {Petrov, Slav and Das, Dipanjan and McDonald, Ryan},
	month = may,
	year = {2012},
	pages = {2089--2096}
}

@inproceedings{poon_unsupervised_2009,
	title = {Unsupervised morphological segmentation with log-linear models},
	booktitle = {Proceedings of {Human} {Language} {Technologies}: {The} 2009 {Annual} {Conference} of the {North} {American} {Chapter} of the {Association} for {Computational} {Linguistics}},
	publisher = {Association for Computational Linguistics},
	author = {Poon, Hoifung and Cherry, Colin and Toutanova, Kristina},
	year = {2009},
	pages = {209--217}
}

@incollection{rauh_linguistic_2016,
	address = {Düsseldorf},
	title = {Linguistic {Categories} and the {Syntax}-{Semantics} {Interface}: {Evaluating} {Competing} {Approaches}},
	language = {en},
	booktitle = {Explorations of the {Syntax}-{Semantics} {Interface}},
	author = {Rauh, Gisa and Fleischhauer, Jens and Latrouite, Anja and Osswald, Rainer},
	year = {2016},
	keywords = {POS tagging},
	pages = {15--55}
}

@book{rauh_syntactic_2010,
	title = {Syntactic {Categories}: {Their} {Identification} and {Description} in {Linguistic} {Theories}},
	isbn = {978-0-19-928142-8},
	shorttitle = {Syntactic {Categories}},
	publisher = {Oxford University Press},
	author = {Rauh, Gisa},
	month = jun,
	year = {2010}
}

@inproceedings{samardzic_automatic_2015,
	address = {Beijing, China},
	title = {Automatic interlinear glossing as two-level sequence classification},
	url = {http://aclweb.org/anthology/W15-3710},
	booktitle = {Proceedings of the 9th {SIGHUM} {Workshop} on {Language} {Technology} for {Cultural} {Heritage}, {Social} {Sciences}, and {Humanities} ({LaTeCH})},
	publisher = {Association for Computational Linguistics},
	author = {Samardzic, Tanja and Schikowski, Robert and Stoll, Sabine},
	year = {2015},
	pages = {68--72}
}

@article{seifart_language_2018,
	title = {Language documentation twenty-five years on},
	volume = {94},
	issn = {1535-0665},
	url = {https://muse.jhu.edu/article/712110},
	doi = {10.1353/lan.2018.0070},
	language = {en},
	number = {4},
	urldate = {2019-10-08},
	journal = {Language},
	author = {Seifart, Frank and Evans, Nicholas and Hammarström, Harald and Levinson, Stephen C.},
	year = {2018},
	keywords = {transcription, language documentation},
	pages = {e324--e345},
	file = {content.pdf:C\:\\Users\\thesa\\Zotero\\storage\\SICWDMJW\\content.pdf:application/pdf}
}

@inproceedings{sharma_iitbhuiiith_2018,
	address = {Brussels},
	title = {{IIT}({BHU})–{IIITH} at {CoNLL}–{SIGMORPHON} 2018 {Shared} {Task} on {Universal} {Morphological} {Reinflection}},
	url = {https://www.aclweb.org/anthology/K18-3013},
	doi = {10.18653/v1/K18-3013},
	urldate = {2021-01-27},
	booktitle = {Proceedings of the {CoNLL}–{SIGMORPHON} 2018 {Shared} {Task}: {Universal} {Morphological} {Reinflection}},
	publisher = {Association for Computational Linguistics},
	author = {Sharma, Abhishek and Katrapati, Ganesh and Sharma, Dipti Misra},
	month = oct,
	year = {2018},
	pages = {105--111},
	file = {Sharma_et_al_2018_IIT(BHU)–IIITH_at_CoNLL–SIGMORPHON_2018_Shared_Task_on_Universal_Morphological.pdf:C\:\\Users\\thesa\\Zotero\\storage\\R8IX55R8\\Sharma_et_al_2018_IIT(BHU)–IIITH_at_CoNLL–SIGMORPHON_2018_Shared_Task_on_Universal_Morphological.pdf:application/pdf}
}

@incollection{taylor_penn_2003,
	address = {Dordrecht},
	series = {Text, {Speech} and {Language} {Technology}},
	title = {The {Penn} {Treebank}: {An} {Overview}},
	isbn = {978-94-010-0201-1},
	shorttitle = {The {Penn} {Treebank}},
	url = {https://doi.org/10.1007/978-94-010-0201-1_1},
	booktitle = {Treebanks: {Building} and {Using} {Parsed} {Corpora}},
	publisher = {Springer Netherlands},
	author = {Taylor, Ann and Marcus, Mitchell and Santorini, Beatrice},
	editor = {Abeillé, Anne},
	year = {2003},
	pages = {5--22}
}

@incollection{simons_worlds_2013,
	address = {Amsterdam},
	series = {Studies in {Language} {Companion} {Series}},
	title = {The world’s languages in crisis: {A} 20-year update},
	url = {https://benjamins.com/catalog/slcs.142.01sim},
	language = {English},
	number = {142},
	urldate = {2019-10-08},
	booktitle = {Responses to {Language} {Endangerment}: {In} honor of {Mickey} {Noonan}. {New} directions in language documentation and language revitalization},
	publisher = {John Benjamins},
	author = {Simons, Gary F. and Lewis, M. Paul},
	editor = {Mihas, Elena and Perley, Bernard and Rei-Doval, Gabriel and Wheatley, Kathleen},
	year = {2013},
	keywords = {language endangerment, language documentation},
	pages = {3--20}
}

@article{thounaojam_lamkang_2007,
	title = {The {Lamkang} language: grammatical sketch, texts and lexicon},
	volume = {30},
	shorttitle = {The {Lamkang} language},
	number = {1},
	journal = {Linguistics of the Tibeto-Burman Area},
	author = {Thounaojam, Harimohon and Chelliah, Shobhana L.},
	year = {2007},
	pages = {1--189},
	file = {Glottolog 4.3 - Harimohon Thounaojam and Chelliah, Shobhana L. 2007:C\:\\Users\\thesa\\Zotero\\storage\\6IU7HYM9\\102536.html:text/html}
}

@inproceedings{toutanova_bayesian_2008,
	title = {A {Bayesian} {LDA}-based {Model} for {Semi}-{Supervised} {Part}-of-speech {Tagging}},
	url = {https://www.microsoft.com/en-us/research/publication/a-bayesian-lda-based-model-for-semi-supervised-part-of-speech-tagging/},
	booktitle = {Proceedings of {NIPS}},
	publisher = {MIT Press},
	author = {Toutanova, Kristina and Johnson, Mark},
	month = jan,
	year = {2008}
}

@inproceedings{vaswani_attention_2017,
    address = {Long Beach, California, USA},
	title = {Attention is {All} you {Need}},
	booktitle = {Proceedings of the 31st {International} {Conference} on {Neural} {Information} {Processing} {Systems}},
	publisher = {Curran Associates Inc.},
	author = {Vaswani, Ashish and Shazeer, Noam and Parmar, Niki and Uszkoreit, Jakob and Jones, Llion and Gomez, Aidan N and Kaiser, Łukasz and Polosukhin, Illia},
	year = {2017},
	pages = {6000--6010}
}

@inproceedings{wu_exact_2019,
	address = {Florence, Italy},
	title = {Exact {Hard} {Monotonic} {Attention} for {Character}-{Level} {Transduction}},
	url = {https://www.aclweb.org/anthology/P19-1148},
	booktitle = {Proceedings of the 57th {Annual} {Meeting} of the {Association} for {Computational} {Linguistics}},
	publisher = {Association for Computational Linguistics},
	author = {Wu, Shijie and Cotterell, Ryan},
	month = jul,
	year = {2019},
	pages = {1530--1537}
}

@article{wu_applying_2020,
	title = {Applying the {Transformer} to {Character}-level {Transduction}},
	url = {http://arxiv.org/abs/2005.10213},
	journal = {arXiv:2005.10213 [cs]},
	author = {Wu, Shijie and Cotterell, Ryan and Hulden, Mans},
	month = may,
	year = {2020}
}

@inproceedings{yarowsky_inducing_2001,
	title = {Inducing {Multilingual} {POS} {Taggers} and {NP} {Bracketers} via {Robust} {Projection} {Across} {Aligned} {Corpora}},
	url = {https://www.aclweb.org/anthology/N01-1026},
	urldate = {2021-01-27},
	booktitle = {Second {Meeting} of the {North} {American} {Chapter} of the {Association} for {Computational} {Linguistics}},
	author = {Yarowsky, David and Ngai, Grace},
	year = {2001}
}
